
@ARTICLE{Albrow2022,
       author = {{Albrow}, Michael D. and {Ulusele}, Isaac H.},
        title = "{The frequency and mass-ratio distribution of binaries in clusters - I. Description of the method and application to M67}",
      journal = {\mnras},
     keywords = {methods: data analysis, methods: statistical, open clusters and associations: general, open clusters and associations: M67, Astrophysics - Solar and Stellar Astrophysics, Astrophysics - Astrophysics of Galaxies},
         year = 2022,
        month = sep,
       volume = {515},
       number = {1},
        pages = {730-738},
          doi = {10.1093/mnras/stac1731},
archivePrefix = {arXiv},
       eprint = {2206.07306},
 primaryClass = {astro-ph.SR},
       adsurl = {https://ui.adsabs.harvard.edu/abs/2022MNRAS.515..730A},
      adsnote = {Provided by the SAO/NASA Astrophysics Data System}
}


@ARTICLE{Hurley2005,
       author = {{Hurley}, Jarrod R. and {Pols}, Onno R. and {Aarseth}, Sverre J. and {Tout}, Christopher A.},
        title = "{A complete N-body model of the old open cluster M67}",
      journal = {\mnras},
     keywords = {stellar dynamics, methods: N-body simulations, binaries: close, blue stragglers, stars: evolution, open clusters and associations: general, Astrophysics},
         year = 2005,
        month = oct,
       volume = {363},
       number = {1},
        pages = {293-314},
          doi = {10.1111/j.1365-2966.2005.09448.x},
archivePrefix = {arXiv},
       eprint = {astro-ph/0507239},
 primaryClass = {astro-ph},
       adsurl = {https://ui.adsabs.harvard.edu/abs/2005MNRAS.363..293H},
      adsnote = {Provided by the SAO/NASA Astrophysics Data System}
}
